<record xmlns="http://www.loc.gov/MARC21/slim" xmlns:xsi="http://www.w3.org/2001/XMLSchema-instance" xsi:schemaLocation="http://www.loc.gov/MARC21/slim http://www.loc.gov/standards/marcxml/schema/MARC21slim.xsd"><leader>     nam a22        4500</leader><controlfield tag="001">001696952</controlfield><controlfield tag="003">NNU</controlfield><controlfield tag="006">m        d        </controlfield><controlfield tag="007">cr cn |||m|||a</controlfield><controlfield tag="008">150313s1958    sy      ob    001 0 ara d</controlfield><datafield ind1=" " ind2=" " tag="040"><subfield code="a">NNU</subfield><subfield code="b">eng</subfield><subfield code="c">NNU</subfield></datafield><datafield ind1=" " ind2=" " tag="066"><subfield code="c">(3</subfield></datafield><datafield ind1=" " ind2=" " tag="090"><subfield code="a">BP136.74</subfield><subfield code="b">.A5</subfield></datafield><datafield ind1="1" ind2=" " tag="100"><subfield code="6">880-01</subfield><subfield code="a">Alb&#257;n&#299;, Mu&#7717;ammad N&#257;&#7779;ir al-D&#299;n</subfield></datafield><datafield ind1="1" ind2="0" tag="245"><subfield code="6">880-02</subfield><subfield code="a">Silsilat al-a&#7717;&#257;d&#299;th al-&#7779;a&#7717;&#299;&#7717;ah wa-shay&#700; min fiqhih&#257; wa-faw&#257;&#700;idih&#257;</subfield><subfield code="h">[electronic resource] /</subfield><subfield code="c">ta&#700;l&#299;f Mu&#7717;ammad N&#257;&#7779;ir al-D&#299;n al-Alb&#257;n&#299;.</subfield></datafield><datafield ind1=" " ind2=" " tag="260"><subfield code="6">880-03</subfield><subfield code="a">Dimishq :</subfield><subfield code="b">al-Maktab al-Isl&#257;m&#299;,</subfield><subfield code="c">[1958]</subfield></datafield><datafield ind1=" " ind2=" " tag="300"><subfield code="a">online resource (v.)</subfield></datafield><datafield ind1=" " ind2=" " tag="500"><subfield code="a">Part of the Arabic Collections Online (ACO) project, contributed by New York Univeristy Libraries.</subfield></datafield><datafield ind1=" " ind2=" " tag="504"><subfield code="a">Includes bibliographical references and indexes.</subfield></datafield><datafield ind1=" " ind2=" " tag="533"><subfield code="a">Electronic reproduction.</subfield><subfield code="b">New York, N.Y. :</subfield><subfield code="c">New York University,</subfield><subfield code="d">2015.</subfield><subfield code="5">NNU</subfield></datafield><datafield ind1=" " ind2="0" tag="650"><subfield code="a">Hadith</subfield><subfield code="v">Texts.</subfield></datafield><datafield ind1="2" ind2=" " tag="710"><subfield code="a">New York University.</subfield><subfield code="b">Libraries.</subfield></datafield><datafield ind1="0" ind2=" " tag="730"><subfield code="a">Arabic Collections Online.</subfield></datafield><datafield ind1="0" ind2="8" tag="776"><subfield code="i">Print version:</subfield><subfield code="a">Alb&#257;n&#299;, Mu&#7717;ammad N&#257;&#7779;ir al-D&#299;n 880-01</subfield><subfield code="t">Silsilat al-a&#7717;&#257;d&#299;th al-&#7779;a&#7717;&#299;&#7717;ah wa-shay&#700; min fiqhih&#257; wa-faw&#257;&#700;idih&#257;</subfield><subfield code="w">(NNU)001696952</subfield></datafield><datafield ind1="4" ind2="0" tag="856"><subfield code="u">http://hdl.handle.net/2333.1/qv9s4q8h</subfield></datafield><datafield ind1="1" ind2=" " tag="880"><subfield code="6">100-01/</subfield><subfield code="a">&#1571;&#1604;&#1576;&#1575;&#1606;&#1610;&#1548; &#1605;&#1581;&#1605;&#1583; &#1606;&#1589;&#1585; &#1575;&#1604;&#1583;&#1610;&#1606;.</subfield></datafield><datafield ind1="1" ind2="0" tag="880"><subfield code="6">245-02/</subfield><subfield code="a">&#1587;&#1604;&#1587;&#1604;&#1577; &#1575;&#1604;&#1571;&#1581;&#1575;&#1583;&#1610;&#1579; &#1575;&#1604;&#1589;&#1581;&#1610;&#1581;&#1577; &#1608;&#1588;&#1574; &#1605;&#1606; &#1601;&#1602;&#1607;&#1607;&#1575; &#1608;&#1601;&#1608;&#1575;&#1574;&#1583;&#1607;&#1575; /</subfield><subfield code="c">&#1578;&#1571;&#1604;&#1610;&#1601; &#1605;&#1581;&#1605;&#1583; &#1606;&#1575;&#1589;&#1585; &#1575;&#1604;&#1583;&#1610;&#1606; &#1575;&#1604;&#1571;&#1604;&#1576;&#1575;&#1606;&#1610;.</subfield></datafield><datafield ind1=" " ind2=" " tag="880"><subfield code="6">260-03/</subfield><subfield code="a">&#1583;&#1605;&#1588;&#1602; :</subfield><subfield code="b">&#1575;&#1604;&#1605;&#1603;&#1578;&#1576; &#1575;&#1604;&#1575;&#1587;&#1604;&#1575;&#1605;&#1610;&#1548;</subfield><subfield code="c">[&#1633;&#1641;&#1637;&#1640;]</subfield></datafield><datafield ind1=" " ind2=" " tag="959"><subfield code="a">NNU</subfield><subfield code="b">WEB</subfield><subfield code="c">GENI</subfield><subfield code="t">0</subfield><subfield code="m">Electronic access</subfield><subfield code="s">01</subfield></datafield><datafield ind1=" " ind2=" " tag="999"><subfield code="i">NNU_001696952</subfield><subfield code="s">nyu_aco000450:v.1</subfield><subfield code="s">nyu_aco000451:v.2</subfield><subfield code="s">nyu_aco000452:v.3</subfield></datafield></record>